<?xml version="1.0" encoding="UTF-8"?><collection xmlns="http://www.loc.gov/MARC21/slim"><record><leader>00497nam--2200193-i-4500</leader><controlfield tag="001">000034639</controlfield><controlfield tag="002">20161230</controlfield><controlfield tag="005">20170208153024</controlfield><controlfield tag="008">060222s1000------------r-----000-0-rum-d</controlfield><datafield ind1=" " ind2=" " tag="040"><subfield code="a">IFIN-HH</subfield></datafield><datafield ind1=" " ind2=" " tag="041"><subfield code="a">rum</subfield></datafield><datafield ind1=" " ind2=" " tag="080"><subfield code="a">537.311.22:537.226.4:538.956</subfield></datafield><datafield ind1="1" ind2=" " tag="100"><subfield code="a">Nicula, Al</subfield></datafield><datafield ind1="1" ind2="0" tag="245"><subfield code="a">Dielectrici si feroelectrici</subfield><subfield code="c">Al. Nicula; F. Puskas</subfield></datafield><datafield ind1=" " ind2=" " tag="260"><subfield code="a">Craiova</subfield><subfield code="b">Scrisul Romanesc</subfield><subfield code="c">1982</subfield></datafield><datafield ind1=" " ind2=" " tag="300"><subfield code="a">234P</subfield></datafield><datafield ind1="1" ind2=" " tag="700"><subfield code="a">Puskas, F</subfield></datafield><datafield ind1=" " ind2=" " tag="852"><subfield code="a">49860</subfield><subfield code="c">537.226</subfield></datafield><datafield ind1=" " ind2=" " tag="CAT"><subfield code="a">SYS</subfield><subfield code="c">20170208</subfield><subfield code="h">153024</subfield></datafield></record></collection>